@ARTICLE{Bhatnagar2008,
   author = {{Bhatnagar}, S. and {Cornwell}, T.~J. and {Golap}, K. and {Uson}, J.~M.
	},
    title = "{Correcting direction-dependent gains in the deconvolution of radio interferometric images}",
  journal = {\aap},
archivePrefix = "arXiv",
   eprint = {0805.0834},
 keywords = {methods: data analysis, techniques: interferometic, techniques: image processing, techniques: polarimetric},
     year = 2008,
    month = aug,
   volume = 487,
    pages = {419-429},
      doi = {10.1051/0004-6361:20079284},
   adsurl = {http://adsabs.harvard.edu/abs/2008A%26A...487..419B},
  adsnote = {Provided by the SAO/NASA Astrophysics Data System}
}